<?xml version="1.0" encoding="UTF-8"?><record xmlns="http://www.loc.gov/MARC21/slim" xmlns:cinclude="http://apache.org/cocoon/include/1.0" xmlns:zs="http://www.loc.gov/zing/srw/">
  <leader>00635nz  a2200157n  4500</leader>
  <controlfield tag="001">no2008014409</controlfield>
  <controlfield tag="003">DLC</controlfield>
  <controlfield tag="005">20080201080447.0</controlfield>
  <controlfield tag="008">080130n| acannaabn          |a aaa     c</controlfield>
  <datafield tag="010" ind1=" " ind2=" ">
    <subfield code="a">no2008014409</subfield>
  </datafield>
  <datafield tag="035" ind1=" " ind2=" ">
    <subfield code="a">(OCoLC)oca07642648</subfield>
  </datafield>
  <datafield tag="040" ind1=" " ind2=" ">
    <subfield code="a">SG-SiILA</subfield>
    <subfield code="b">eng</subfield>
    <subfield code="c">SG-SiILA</subfield>
  </datafield>
  <datafield tag="100" ind1="1" ind2=" ">
    <subfield code="a">Rātākiruṣṇan̲, Ti.</subfield>
  </datafield>
  <datafield tag="400" ind1="1" ind2=" ">
    <subfield code="a">Rātākiruṣṇan̲, T.</subfield>
  </datafield>
  <datafield tag="400" ind1="1" ind2=" ">
    <subfield code="a">Radhakrishnan, T.,</subfield>
    <subfield code="c">I.P.S.</subfield>
  </datafield>
  <datafield tag="670" ind1=" " ind2=" ">
    <subfield code="a">Vil̲ittiru ul̲aittiru, 2007:</subfield>
    <subfield code="b">t.p. (Ti. Rātākiruṣṇan̲, I.P.S.) t.p. verso (cpyrt. T. Radhakrishnan [in rom.]) cover (T. [in rom.] Rātākiruṣṇan̲) p. 4 of cover (currently I.G., Tamil Nadu Police Force; writes essays)</subfield>
  </datafield>
</record>